@article{kristensen2016tmb,
  title={TMB: Automatic Differentiation and Laplace Approximation},
  author={Kristensen, K and Nielsen, A and Berg, CW and Skaug, H and Bell, B},
  journal={Journal of Statistical Software},
  volume={70},
  number={5},
  pages={1--21},
  year={2016}
}

@article{thygesen2017validation,
  title={Validation of ecological state space models using the Laplace approximation},
  author={Thygesen, Uffe H{\o}gsbro and Albertsen, Christoffer Moesgaard and Berg, Casper Willestofte and Kristensen, Kasper and Nielsen, Anders},
  journal={Environmental and Ecological Statistics},
  volume={24},
  number={2},
  pages={317--339},
  year={2017},
  publisher={Springer US}
}

@misc{autodiff-tools,
  author = {Martin B\"{u}cker and Paul Hovland},
  year = {2014},
  title = {Tools for Automatic Differentiation},
  url = {http://www.autodiff.org/?module=Tools}
}

@article{ADModelBuilder2011,
title = "AD Model Builder: using Automatic Differentiation for Statistical Inference of Highly Parameterized Complex Nonlinear Models",
publisher = "Taylor & Francis Ltd.",
author = "Fournier, {David A.} and Skaug, {Hans J.} and Johnoel Ancheta and Jim Ianelli and Arni Magnusson and Mark Maunder and Anders Nielsen and John Sibert",
year = "2011",
volume = "27",
number = "2",
pages = "233--249",
journal = "Optimization Methods and Software",
issn = "1055-6788",
}

@misc{stan-software:2013,
  author = {{Stan Development Team}},
  year = {2013},
  title = {Stan: A \proglang{C++} Library for Probability and Sampling,
           Version 2.0},
  url = {http://mc-stan.org/}
}

@ARTICLE{skaug_fournier1996aam,
  author = {H. Skaug and D. Fournier},
  title = {Automatic Approximation of the Marginal Likelihood in non-Gaussian
        Hierarchical Models},
  journal = {Computational Statistics \& Data Analysis},
  year = {2006},
  volume = {56},
  pages = {699-709}
}

@manual{ceres-manual,
    Author = {Agarwal, S. and Mierle, K.},
    year = 2013,
    Title = {Ceres Solver: Tutorial \& Reference},
    Organization = {Google Inc.}
}

@Manual{CppAD-manual,
  author =      {B.M. Bell},
  title =      {CppAD: A Package for \proglang{C++} Algorithmic Differentiation},
  year =      {2005},
  url = {http://www.coin-or.org/CppAD},
}

@INCOLLECTION{
         Walther2012Gsw,
       title = "Getting started with ADOL-C",
       author = "A. Walther and A. Griewank",
       editor = "U. Naumann and O. Schenk",
       publisher = "Chapman-Hall CRC Computational Science",
       year = "2012",
       booktitle = "Combinatorial Scientific Computing",
       pages = "181--202",
       chapter = "7",
       ad_tools = "ADOL-C"
}
@book{griewank2008evaluating,
  title={Evaluating Derivatives: Principles and Techniques of Algorithmic Differentiation},
  author={Griewank, A. and Walther, A.},
  year={2008},
  publisher={Society for Industrial and Applied Mathematics (SIAM)}
}

@MISC{eigenweb,
  author = {Ga\"{e}l Guennebaud and Beno\^{i}t Jacob and others},
  title = {Eigen v3},
  howpublished = {http://eigen.tuxfamily.org},
  year = {2010}
 }


@article{hascoet2004tapenade,
  title={{TAPENADE 2.1 User's Guide}},
  author={Hascoet, L. and Pascual, V.},
  year={2004}
}

@article{Chen:2008:ACS:1391989.1391995,
 author = {Chen, Yanqing and Davis, Timothy A. and Hager, William W. and Rajamanickam, Sivasankaran},
 title = {Algorithm 887: CHOLMOD, Supernodal Sparse Cholesky Factorization and Update/Downdate},
 journal = {ACM Trans. Math. Softw.},
 issue_date = {October 2008},
 volume = {35},
 number = {3},
 month = oct,
 year = {2008},
 issn = {0098-3500},
 pages = {22:1--22:14},
 articleno = {22},
 numpages = {14},
 url = {http://doi.acm.org/10.1145/1391989.1391995},
 doi = {10.1145/1391989.1391995},
 acmid = {1391995},
 publisher = {ACM},
 address = {New York, NY, USA},
 keywords = {Cholesky factorization, linear equations, sparse matrices},
} 

@TechReport{YoginAndDavis:TR-95-021,
  author = 	 {Yogin E. Campbell and Timothy A. Davis},
  title = 	 {Computing the Sparse Inverse Subset: an Inverse Multifrontal Approach},
  institution =  {Computer and Information Sciences Department, University of Florida},
  year = 	 {1995},
  key = 	 {TR-95-021},
  address = 	 {Gainesville, FL, 32611 USA.},
  month = 	 {October},
}

@article{rue2009approximate,
  title={Approximate Bayesian Inference for Latent Gaussian Models by using Integrated Nested Laplace Approximations},
  author={Rue, H{\aa}vard and Martino, Sara and Chopin, Nicolas},
  journal={Journal of the Royal Statistical Society: Series b (Statistical Methodology)},
  volume={71},
  number={2},
  pages={319--392},
  year={2009},
  publisher={Wiley Online Library}
}

@article{lawson1979basic,
  title={Basic Linear Algebra Subprograms for \proglang{Fortran} usage},
  author={Lawson, Chuck L and Hanson, Richard J. and Kincaid, David R and Krogh, Fred T.},
  journal={ACM Transactions on Mathematical Software (TOMS)},
  volume={5},
  number={3},
  pages={308--323},
  year={1979},
  publisher={ACM}
}

@article{dagum1998openmp,
  title={OpenMP: An Industry Standard API for Shared-Memory Programming},
  author={Dagum, Leonardo and Menon, Ramesh},
  journal={Computational Science \& Engineering, IEEE},
  volume={5},
  number={1},
  pages={46--55},
  year={1998},
  publisher={IEEE}
}

@article{pedersen2011estimation,
  title={Estimation Methods for Nonlinear State-Space Models in Ecology},
  author={Pedersen, Martin W{\ae}ver and Berg, Casper Willestofte and Thygesen, Uffe H{\o}gsbro and Nielsen, Anders and Madsen, Henrik},
  journal={Ecological Modelling},
  volume={222},
  number={8},
  pages={1394--1400},
  year={2011},
  publisher={Elsevier}
}

@book{pinheiro2000mixed,
  title={Mixed Effects Models in S and S-PLUS},
  author={Pinheiro, Jos{\'e} C and Bates, Douglas M},
  year={2000},
  publisher={Springer-Verlag}
}

@article{skaug2013flexible,
  title={A Flexible and Automated Likelihood Based Framework for Inference in Stochastic Volatility Models},
  author={Skaug, Hans J and Yu, Jun},
  journal={Computational Statistics \& Data Analysis},
  year={2013},
  publisher={Elsevier}
}

@article{royle2004n,
  title={N-Mixture Models for Estimating Population Size from Spatially Replicated Counts},
  author={Royle, J Andrew},
  journal={Biometrics},
  volume={60},
  number={1},
  pages={108--115},
  year={2004},
  publisher={Wiley Online Library}
}

@article{nielsen2014estimation,
title = "Estimation of Time-Varying Selectivity in Stock Assessments using State-Space Models",
publisher = "Elsevier BV",
author = "Anders Nielsen and Berg, {Casper Willestofte}",
year = "2014",
doi = "10.1016/j.fishres.2014.01.014",
journal = "Fisheries Research",
issn = "0165-7836",

}

@article{kass1989approximate,
  title={Approximate Bayesian Inference in Conditionally Independent Hierarchical Models (Parametric Empirical Bayes Models)},
  author={Kass, Robert E and Steffey, Duane},
  journal={Journal of the American Statistical Association},
  volume={84},
  number={407},
  pages={717--726},
  year={1989},
  publisher={Taylor \& Francis}
}

@article{bolker2013strategies,
  title={Strategies for Fitting Nonlinear Ecological Models in R, AD Model Builder, and BUGS},
  author={Bolker, Benjamin M and Gardner, Beth and Maunder, Mark and Berg, Casper W and Brooks, Mollie and Comita, Liza and Crone, Elizabeth and Cubaynes, Sarah and Davies, Trevor and Valpine, Perry and others},
  journal={Methods in Ecology and Evolution},
  volume={4},
  number={6},
  pages={501--512},
  year={2013},
  publisher={Wiley Online Library}
}

@article{Spiegelhalter2003,
  title={{WinBUGS user manual}},
  author={Spiegelhalter, D. and Thomas, A. and Best, N. and Lunn, D.},
  journal={Version 1.4. MRC Biostatistics Unit, Cambridge, UK},
  year={2003},
  publisher={Citeseer}
}

@article{dongarra1990set,
  title={A Set of Level 3 Basic Linear Algebra Subprograms},
  author={Dongarra, Jack J and Du Croz, Jeremy and Hammarling, Sven and Duff, Iain S},
  journal={ACM Transactions on Mathematical Software (TOMS)},
  volume={16},
  number={1},
  pages={1--17},
  year={1990},
  publisher={ACM}
}

@article{rue2005marginal,
  title={Marginal Variances for Gaussian Markov Random Fields},
  author={Rue, Havard},
  journal={Statistics Report},
  volume={1},
  year={2005}
}

@article{chen2008algorithm,
  title={Algorithm 887: CHOLMOD, Supernodal Sparse Cholesky Factorization and Update/Downdate},
  author={Chen, Yanqing and Davis, Timothy A and Hager, William W and Rajamanickam, Sivasankaran},
  journal={ACM Transactions on Mathematical Software (TOMS)},
  volume={35},
  number={3},
  pages={22},
  year={2008},
  publisher={ACM}
}

@misc{intel2007intel,
  title={Intel Math Kernel Library},
  author={Intel},
  year={2007}
}

@article{wang2007example,
  title={On the Latent State Estimation of Nonlinear Population Dynamics using Bayesian and non-Bayesian State-Space Models},
  author={Guiming Wang},
  journal={Ecological Modelling},
  volume={200},
  pages={521--528},
  year={2007}
}
